<record><leader>00000cas a2200000 a 4500</leader><controlfield tag="001">842011343</controlfield><controlfield tag="006">m    fo  d        </controlfield><controlfield tag="007">cr |||||||||||</controlfield><controlfield tag="008">130507d18681869kyudr neo     0    0eng c</controlfield><datafield ind1=" " ind2=" " tag="010"><subfield code="a">  2013263175</subfield></datafield><datafield ind1=" " ind2=" " tag="040"><subfield code="a">TXA</subfield><subfield code="b">eng</subfield><subfield code="c">TXA</subfield><subfield code="d">TXA</subfield><subfield code="d">OCLCF</subfield></datafield><datafield ind1=" " ind2=" " tag="042"><subfield code="a">pcc</subfield></datafield><datafield ind1=" " ind2=" " tag="043"><subfield code="a">n-us-ky</subfield></datafield><datafield ind1="0" ind2=" " tag="130"><subfield code="a">Louisville courier-journal (Louisville, Ky. : Daily)</subfield></datafield><datafield ind1="1" ind2="4" tag="245"><subfield code="a">The Louisville courier-journal</subfield><subfield code="h">[electronic resource].</subfield></datafield><datafield ind1="1" ind2=" " tag="246"><subfield code="a">Courier-journal</subfield></datafield><datafield ind1=" " ind2=" " tag="260"><subfield code="a">Louisville :</subfield><subfield code="b">[Louisville Courier-Journal Print. Co.],</subfield><subfield code="c">-[1869]</subfield></datafield><datafield ind1=" " ind2=" " tag="310"><subfield code="a">Daily</subfield></datafield><datafield ind1="1" ind2=" " tag="362"><subfield code="a">Print began with: Vol. 38, no. 108 (Nov. 8, 1868); ceased with: Vol. 38, no. 114 (Nov. 14, 1868). New numbering began with: Vol. 38, new ser., no. 115 (Nov. 15, 1868); ceased with: Vol. 39, new ser., no. 216 (Mar. 6, 1869).</subfield></datafield><datafield ind1=" " ind2=" " tag="580"><subfield code="a">Merger of: Louisville daily courier (Louisville, Ky. : 1851), and: Louisville daily journal (Louisville, Ky. : 1833).</subfield></datafield><datafield ind1=" " ind2=" " tag="588"><subfield code="a">Description based on: Vol. 38, new ser., no. 115 (Nov. 15, 1868); title from PDF masthead (ProQuest, viewed Apr. 27, 2013).</subfield></datafield><datafield ind1=" " ind2=" " tag="588"><subfield code="a">Latest issue consulted: Vol. 39, new ser., no. 216 (Mar. 6, 1869) (ProQuest, viewed Apr.  27, 2013).</subfield></datafield><datafield ind1=" " ind2="0" tag="651"><subfield code="a">Louisville (Ky.)</subfield><subfield code="v">Newspapers.</subfield></datafield><datafield ind1=" " ind2="0" tag="651"><subfield code="a">Jefferson County (Ky.)</subfield><subfield code="v">Newspapers.</subfield></datafield><datafield ind1=" " ind2="7" tag="655"><subfield code="a">Newspapers.</subfield><subfield code="2">fast</subfield><subfield code="0">(OCoLC)fst01423814</subfield></datafield><datafield ind1=" " ind2="7" tag="651"><subfield code="a">Kentucky</subfield><subfield code="z">Jefferson County.</subfield><subfield code="2">fast</subfield><subfield code="0">(OCoLC)fst01205464</subfield></datafield><datafield ind1=" " ind2="7" tag="651"><subfield code="a">Kentucky</subfield><subfield code="z">Louisville.</subfield><subfield code="2">fast</subfield><subfield code="0">(OCoLC)fst01204602</subfield></datafield><datafield ind1=" " ind2=" " tag="752"><subfield code="a">United States</subfield><subfield code="b">Kentucky</subfield><subfield code="c">Jefferson</subfield><subfield code="d">Louisville.</subfield></datafield><datafield ind1="0" ind2=" " tag="775"><subfield code="t">Louisville weekly courier-journal</subfield></datafield><datafield ind1="0" ind2="8" tag="776"><subfield code="i">Print version:</subfield><subfield code="t">Louisville courier-journal (Louisville, Ky. : Daily)</subfield><subfield code="w">(DLC)sn 82015931</subfield><subfield code="w">(OCoLC)8833596</subfield></datafield><datafield ind1="1" ind2="4" tag="780"><subfield code="t">Louisville daily courier (Louisville, Ky. : 1851)</subfield><subfield code="w">(DLC)  2013263184</subfield><subfield code="w">(OCoLC)842042553</subfield></datafield><datafield ind1="1" ind2="4" tag="780"><subfield code="t">Louisville daily journal (Louisville, Ky. : 1833)</subfield><subfield code="w">(DLC)  2013263199</subfield><subfield code="w">(OCoLC)842009521</subfield></datafield><datafield ind1="0" ind2="0" tag="785"><subfield code="t">Courier-journal (Louisville, Ky. : 1869 : Daily)</subfield><subfield code="w">(DLC)  2013263189</subfield><subfield code="w">(OCoLC)137348652</subfield></datafield><datafield ind1="4" ind2="0" tag="856"><subfield code="u">http://search.proquest.com/hnplouisvillecourierjournal/publication/1046386/</subfield></datafield></record>